<?xml version="1.0" encoding="UTF-8"?><collection xmlns="http://www.loc.gov/MARC21/slim"><record><leader>00422nam--2200133-i-4500</leader><controlfield tag="001">000004889</controlfield><controlfield tag="002">20161230</controlfield><controlfield tag="005">20161230201026</controlfield><controlfield tag="008">060222s1000------------r-----000-0-eng-d</controlfield><datafield ind1=" " ind2=" " tag="100"><subfield code="a">Arlaud, J</subfield></datafield><datafield ind1=" " ind2=" " tag="245"><subfield code="a">Description des piles etrangeres, surregene- ratrices, a neutrons rapides. problemes particuliers lies au controle</subfield></datafield><datafield ind1=" " ind2=" " tag="260"><subfield code="a">Saclay, Centre D Etudes Nucleaires, 1959 38 P. + Xiii Tabele</subfield></datafield><datafield ind1=" " ind2=" " tag="490"><subfield code="a">5</subfield></datafield><datafield ind1=" " ind2=" " tag="852"><subfield code="a">1021</subfield></datafield></record></collection>